0.1

@incollection{Nietzsche1,
author    = {ニーチェ, フリードリヒ},
title     = {1886年夏―1887年秋　5[71]（『ニーチェ全集　第九巻(第Ⅱ期)　遺された断想(一八八五年秋--八七年秋)』収録）},
publisher = {白水社},
year      = {1974=1984: 275-284},
translator = {三島憲一}
}
@book{Nietzsche2,
author    = {ニーチェ, フリードリヒ},
title     = {道徳の系譜},
publisher = {岩波書店},
year      = {1887＝1940},
translator = {木場深定}
}
@book{Lyotard,
author    = {リオタール, ジャン＝フランソワ},
title     = {ポストモダンの条件},
publisher = {水声社},
year      = {1979＝1989},
translator = {小林康夫}
}
@book{Hegel,
author    = {ヘーゲル,ヴィリヘルム・フリードリッヒ},
title     = {法の哲学 2},
publisher = {水声社},
year      = {1821＝2001},
translator = {藤野渉 and 赤沢正敏}
}
@book{RoslingEtAl,
author    = {ロスリング, ハンス and ロスリング, オーラ and ロスリング・ロンランド, アンナ},
title     = {FACTFULNESS(ファクトフルネス)　10の思い込みを乗り越え、データを基に世界を正しく見る習慣},
publisher = {日経BP},
year      = {2018＝2019},
translator = {上杉周作 and 関美和}
}
@book{Asada,
author    = {浅田彰},
title     = {構造と力--記号論を超えて},
publisher = {勁草書房},
year      = {1983}
}
@article{Ichikawa,
author    = {市川遊佐},
title     = {ラカニアン・アジャイル―『四つのディスクール』から考える中間集団論／組織論としての『スクラム},
journal   = {アレ},
volume    = {9},
publisher = {勁草書房},
year      = {2021: 240-313}
}
@book{Ochiai,
author    = {落合陽一},
title     = {魔法の世紀},
publisher = {PLANETS},
year      = {2015}
}
@book{KoizumiEtAl,
author    = {小泉悠 and 桒原響子 and 小宮山功一郎},
title     = {偽情報戦争　あなたの頭の中で起こる戦い},
publisher = {ウェッジ},
year      = {2023}
}
@misc{Tsuda,
author    = {津田正太郎},
title     = {メディア社会とは何か　1.　国民国家とマスメディア―トイ人},
year      = {2024（2024年8月21日取得）},
url       = {https://www.toibito.com/toibito/articles/\%E5\%9B\%BD\%E6\%B0\%91\%E5\%9B\%BD\%E5\%AE\%B6\%E3\%81\%A8\%E3\%83\%9E\%E3\%82\%B9\%E3\%83\%A1\%E3\%83\%87\%E3\%82\%A3\%E3\%82\%A2}
}
@book{Matsumoto,
author    = {松本卓也},
title     = {享楽社会論},
publisher = {人文書院},
year      = {2018}
}

1.1

1.2

@book{Kobayashi,
author    = {小林武彦},
title     = {生物はなぜ死ぬのか},
publisher = {講談社},
year      = {2018}
}

1.3

@book{InuiAndSakaguchi,
author    = {乾敏郎 and 坂口豊},
title     = {脳の大統一理論―自由エネルギー原理とはなにか},
publisher = {岩波書店},
year      = {2020}
}
@misc{JMA,
author    = {気象庁},
title     = {過去の気象データ検索},
year      = {2023（2024年9月12日取得）},
url       = {https://www.data.jma.go.jp/obd/stats/etrn/view/daily_h1.php?prec_no=44&block_no=00&year=2023&month=08&day=&view=p3}
}
@book{Kosaka,
author    = {小坂修平},
title     = {図解雑学 現代思想},
publisher = {ナツメ社},
year      = {2004}
}


2.1


2.2


2.3


2.4


2.5


@book{Khun,
author     = {クーン, トーマス},
title      = {科学革命の構造},
publisher  = {みすず書房},
year       = {1970＝1971},
translator = {中山茂}
}
@book{Hoyle,
author     = {ホイル, フレッド},
title      = {コペルニクス: その生涯と業績},
publisher  = {法政大学出版局},
year       = {1973＝1974},
translator = {中島龍三}
}
@book{Mukai,
author    = {向井雅明},
title     = {ラカン入門},
publisher = {筑摩書房},
year      = {2016}
}


3.1

@misc{Odanaka,
author    = {小田中育生},
title     = {Be Agile~-アジャイルマインドセットでいきいきと働く-},
year      = {2023（2024年10月23日取得）},
url       = {https://speakerdeck.com/ikuodanaka/be-agile-and-work-with-a-iki-iki-spirit}
}
@book{IchitaniEtAl,
author    = {市谷聡啓 and 新井剛 and 小田中育生},
title     = {いちばんやさしいアジャイル開発の教本 人気講師が教えるDXを支える開発手法},
publisher = {インプレス},
year      = {2020}
}
@book{Imamura,
author    = {今村仁司},
title     = {仕事},
publisher = {講談社},
year      = {2024}
}
@book{Mitani,
author    = {三谷宏治},
title     = {経営戦略全史},
publisher = {ディスカヴァー・トゥエンティワン},
year      = {2013}
}
@book{ForesgrenEtAl,
author     = {Foresgren, Nicole and Humble, Jez and Kim, Gene},
title      = {LeanとDevOpsの科学},
publisher  = {インプレス},
year       = {2018=2018},
translator = {武舎広幸 and 武舎るみ}
}
@book{LeviStrauss,
author     = {レヴィ=ストロース, クロード},
title      = {野生の思考},
publisher  = {みすず書房},
year       = {1962=1976},
translator = {大橋保夫}
}
@book{Saito,
author    = {斎藤幸平},
title     = {マルクス解体―プロメテウスの夢とその先},
publisher = {講談社},
year      = {2023}
}
@book{Ichitani,
author    = {市谷聡啓},
title     = {カイゼンジャーニー―たった1人からはじめて、「越境」するチームをつくるまで},
publisher = {翔泳社},
year      = {2018}
}
@book{Akasaka ,
author    = {赤坂和哉},
title     = {ラカン派精神分析の治療論―理論と実践の交点},
publisher = {誠信書房},
year      = {2011}
}
@book{Floury,
author     = {フルリー, 二コラ},
title      = {現実界に向かって―ジャック＝アラン・未レール入門},
publisher  = {人文書院},
year       = {2010=2020},
translator = {松本卓也}
}
@book{Nietzsche3,
author     = {ニーチェ, フリードリヒ},
title      = {ニーチェ全集 (8) 悦ばしき知識},
publisher  = {筑摩書房},
year       = {1921=1993},
translator = {信太正三}
}
@book{Paglia,
author     = {パーリア, カミール},
title      = {性のペルソナ　上：古代エジプトから19世紀末までの芸術とデカダンス},
publisher  = {河出書房新社},
year       = {1990=1998},
translator = {鈴木晶 and 入江良平 and 浜名恵美 and 富山英俊}
} 
@book{Sakuta,
author    = {作田啓一},
title     = {生の欲動―神経症から倒錯へ},
publisher = {みすず書房},
year      = {2003}
}

3.2


3.3

4.1

4.2

4.3

